@Article{OCK+02,
     author = "J.-P. Onnela and A. Chakraborti and K. Kaski and J. Kertesz",
     title = "{Dynamic asset trees and portfolio analysis}",
	 year = "2002",
     eprint = "arXiv:cond-mat/0208131v1"
}

@Article{OKK03,
     author = "J.-P. Onnela and K. Kaski and J. Kertesz",
     title = "{Clustering and information in correlation based financial networks}",
	 year = "2003",
     eprint = "arXiv:cond-mat/0312682v1"
}

@Article{New03,
     author = "M. E. J. Newman",
     title = "{The structure and function of complex networks}",
	 year = "2003",
     eprint = "arXiv:cond-mat/0303516v1"
}

@Article{New06a,
     author = "M. E. J. Newman",
     title = "{Finding community structure in networks using the eigenvectors of matrices}",
	 year = "2006",
     eprint = "arXiv:physics/0605087v3"
}

@Article{New06b,
     author = "M. E. J. Newman",
     title = "{Modularity and community structure in networks}",
	 year = "2006",
     eprint = "arXiv:physics/0602124v1"
}

@INPROCEEDINGS{Spi07,
author={Spielman, D.A.},
booktitle={48th Annual IEEE Symposium on Foundations of Computer Science (FOCS 2007)},
title={Spectral Graph Theory and its Applications},
year={2007},
pages={29-38},}

@INPROCEEDINGS{CLS07,
     author = "Louis K.C. Chan and Josef Lakonishok and Bhaskaran Swaminathan",
	 booktitle={Financial Analysts Journal, Vol. 63, No. 6},
     title = "{Industry Classifications and Return Comovement}",
	 year = "2007",
}

@Article{For10,
     author = "Santo Fortunato",
     title = "{Community detection in graphs}",
	 year = "2010",
     eprint = "arXiv:0906.0612v2"
}

@Article{LLM10,
     author = "Jure Leskovec and Kevin J. Lang and Michael W. Mahoney",
     title = "{Empirical Comparison of Algorithms for Network Community Detection}",
	 year = "2010",
     eprint = "arXiv:1004.3539v1"
}

@Article{KN10,
     author = "Brian Karrer and M. E. J. Newman",
     title = "{Stochastic blockmodels and community structure in networks}",
	 year = "2010",
     eprint = "arXiv:1008.3926v1"
}

@Article{FPM+10,
     author = "Daniel J. Fenn and Mason A. Porter and Peter J. Mucha and Mark McDonald and Stacy Williams and Neil F. Johnson and Nick S. Jones",
     title = "{Dynamical Clustering of Exchange Rates}",
	 year = "2010",
     eprint = "arXiv:0905.4912v2"
}

@Article{BM11,
     author = "Mohsen Bayati and Andrea Montanari",
     title = "{The dynamics of message passing on dense graphs, with applications to compressed sensing}",
	 year = "2011",
     eprint = "arXiv:1001.3448v4"
}

@Article{DKM+11,
     author = "Aurelien Decelle and Florent Krzakala and Cristopher Moore and Lenka Zdeborová",
     title = "{Phase transition in the detection of modules in sparse networks}",
	 year = "2011",
     eprint = "arXiv:1102.1182v1"
}

@inproceedings{GKM11,
 author = {Ghosh, Arpita and Kale, Satyen and McAfee, Preston},
 title = {Who Moderates the Moderators?: Crowdsourcing Abuse Detection in User-generated Content},
 booktitle = {Proceedings of the 12th ACM Conference on Electronic Commerce},
 series = {EC '11},
 year = {2011},
 pages = {167--176},
 url = {http://doi.acm.org/10.1145/1993574.1993599},
}

@Article{FPW+11,
     author = "Daniel J. Fenn and Mason A. Porter and Stacy Williams and Mark McDonald and Neil F. Johnson and Nick S. Jones",
     title = "{Temporal Evolution of Financial Market Correlations}",
	 year = "2011",
     eprint = "arXiv:1011.3225v2"
}

@INPROCEEDINGS{Spi12,
author={D. Spielman},
booktitle={Combinatorial Scientific Computing. Chapman and Hall / CRC Press},
title={Spectral Graph Theory and its Applications},
year={2012},
}

@Article{NN12,
     author = "Raj Rao Nadakuditi and M. E. J. Newman",
     title = "{Graph spectra and the detectability of community structure in networks}",
	 year = "2012",
     eprint = "arXiv:1205.1813v1"
}

@Article{EHR12,
     author = "Seyda Ertekin and Haym Hirsh and Cynthia Rudin",
     title = "{Learning to Predict the Wisdom of Crowds}",
	 year = "2012",
     eprint = "arXiv:1204.3611v1"
}

@Article{MNS12,
     author = "Elchanan Mossel and Joe Neeman and Allan Sly",
     title = "{Stochastic Block Models and Reconstruction}",
	 year = "2012",
     eprint = "arXiv:1202.1499v4"
}

@Article{YL12,
     author = "Jaewon Yang and Jure Leskovec",
     title = "{Defining and Evaluating Network Communities based on Ground-truth}",
	 year = "2012",
     eprint = "arXiv:1205.6233v3"
}

@Article{MNS13a,
     author = "Elchanan Mossel and Joe Neeman and Allan Sly",
     title = "{Belief Propagation, Robust Reconstruction, and Optimal Recovery of Block Models}",
	 year = "2013",
     eprint = "arXiv:1309.1380v1"
}

@Article{KMM+13,
     author = "Florent Krzakala and Cristopher Moore and Elchanan Mossel and Joe Neeman and Allan Sly and Lenka Zdeborová and Pan Zhang",
     title = "{Spectral redemption: clustering sparse networks}",
	 year = "2013",
     eprint = "arXiv:1306.5550v2"
}

@Article{LT13,
     author = "Balaji Lakshminarayanan and Yee Whye Teh",
     title = "{Inferring ground truth from multi-annotator ordinal data: a probabilistic approach}",
	 year = "2013",
     eprint = "arXiv:1305.0015v1"
}

@Article{KOS13,
     author = "David R. Karger and Sewoong Oh and Devavrat Shah",
     title = "{Budget-Optimal Task Allocation for Reliable Crowdsourcing Systems}",
	 year = "2013",
     eprint = "arXiv:1110.3564v4"
}

@inproceedings{DDK+13,
 author = {Dalvi, Nilesh and Dasgupta, Anirban and Kumar, Ravi and Rastogi, Vibhor},
 title = {Aggregating Crowdsourced Binary Ratings},
 booktitle = {Proceedings of the 22nd International Conference on World Wide Web},
 series = {WWW '13},
 year = {2013},
 pages = {285--294},
 url = {http://dl.acm.org/citation.cfm?id=2488388.2488414},
} 

@INPROCEEDINGS{DKF13,
author={Jia Deng and Krause, J. and Li Fei-Fei},
booktitle={2013 IEEE Conference on Computer Vision and Pattern Recognition (CVPR)},
title={Fine-Grained Crowdsourcing for Fine-Grained Recognition},
year={2013},
pages={580-587},
doi={10.1109/CVPR.2013.81},
ISSN={1063-6919},}

@Article{DKM+13,
     author = "Aurelien Decelle and Florent Krzakala and Cristopher Moore and Lenka Zdeborová",
     title = "{Asymptotic analysis of the stochastic block model for modular networks and its algorithmic applications}",
	 year = "2013",
     eprint = "arXiv:1109.3041v2"
}

@Article{Mas13,
     author = "Laurent Massoulie",
     title = "{Community detection thresholds and the weak Ramanujan property}",
	 year = "2013",
     eprint = "arXiv:1311.3085v1"
}

@Article{MNS13b,
     author = "Elchanan Mossel and Joe Neeman and Allan Sly",
     title = "{A Proof Of The Block Model Threshold Conjecture}",
	 year = "2013",
     eprint = "arXiv:1311.4115v1"
}

@Article{MG13,
     author = "Mel MacMahon and Diego Garlaschelli",
     title = "{Unbiased community detection for correlation matrices}",
	 year = "2013",
     eprint = "arXiv:1311.1924v1"
}