@INPROCEEDINGS{Wig55,
author={E. P. Wigner},
booktitle={The Annals of Mathematics, 62},
title={Characteristic Vectors of Bordered Matrices With Infinite Dimensions},
year={1955},
pages={548-564},}

@Article{KGV83,
     author = "S. Kirkpatrick and C. D. Gelatt and M. P. Vecchi",
     title = "{Optimization by Simulated Annealing}",
	 year = "1983",
     eprint = "\url{http://leonidzhukov.net/hse/2013/stochmod/papers/KirkpatrickGelattVecchi83.pdf}"
}

@INPROCEEDINGS{Lue98,
  author      = "David G. Luenberger",
  title       = "Investment Science",
  year        = 1998,
}

@article{SM99,
  title = {Distributions of singular values for some random matrices},
  author = {Sengupta, A. M. and Mitra, P. P.},
  journal = {Phys. Rev. E},
  volume = {60},
  issue = {3},
  pages = {3389-3392},
  year = {1999}
}


@Article{PGR+99,
     author = "Vasiliki Plerou and Parameswaran Gopikrishnan and Bernd Rosenow and Luis A. Nunes Amaral and H. Eugene Stanley",
     title = "{Universal and non-universal properties of cross-correlations in financial time series}",
	 year = "1999",
     eprint = "arXiv:cond-mat/9902283v1"
}

@book{Jol02,
author={Jolliffe, I. T.},
edition = {Second},
publisher = {Springer},
title = {{Principal Component Analysis}},
year = {2002}
}

@misc{Onn02,
     author = "J.-P. Onnela",
     title = "{Taxonomy of Financial Assets}",
	 year = "2002",
     howpublished = "\url{http://jponnela.com/}",
}

@Article{OCK+02,
     author = "J.-P. Onnela and A. Chakraborti and K. Kaski and J. Kertesz",
     title = "{Dynamic asset trees and portfolio analysis}",
	 year = "2002",
     eprint = "arXiv:cond-mat/0208131v1"
}

@Article{OKK03,
     author = "J.-P. Onnela and K. Kaski and J. Kertesz",
     title = "{Clustering and information in correlation based financial networks}",
	 year = "2003",
     eprint = "arXiv:cond-mat/0312682v1"
}

@Article{New03,
     author = "M. E. J. Newman",
     title = "{The structure and function of complex networks}",
	 year = "2003",
     eprint = "arXiv:cond-mat/0303516v1"
}

@Article{UIO03,
     author = "Akihiko Utsugi and Kazusumi Ino and Masaki Oshikawa",
     title = "{Random Matrix Theory Analysis of Cross Correlations in Financial Markets}",
	 year = "2003",
     eprint = "arXiv:cond-mat/0312643v1"
}

@INPROCEEDINGS{MM03,
author={Meila, Marina},
booktitle={Learning Theory and Kernel Machines},
title={Comparing Clusterings by the Variation of Information},
year={2003},
pages={173-187}
}

@Article{CNM04,
     author = "Aaron Clauset and M. E. J. Newman and Cristopher Moore",
     title = "{Finding community structure in very large networks}",
	 year = "2004",
     eprint = "\url{http://www.ece.unm.edu/ifis/papers/community-moore.pdf}"
}

@Article{GSA04,
     author = "Roger Guimera and Marta Sales-Pardo and Luis A. Nunes Amaral",
     title = "{Modularity from fluctuations in random graphs and complex networks}",
	 year = "2004",
     eprint = "\url{http://www.ncbi.nlm.nih.gov/pmc/articles/PMC2441765/pdf/nihms-34161.pdf}"
}

@Article{PBL05,
	 author = "M. Potters and J.P. Bouchaud and L. Laloux",
     title = "{Financial Applications of Random Matrix Theory: Old Laces and New Pieces}",
	 year = "2005",
     eprint = "arXiv:physics/0507111v1"
}

@Article{DA05,
     author = "J. Duch and A. Arenas",
     title = "{Community detection in complex networks using Extremal Optimization}",
	 year = "2005",
	 eprint = "arXiv:cond-mat/0501368v1" 
}

@Article{Has06,
     author = "M. B. Hastings",
     title = "{Community Detection as an Inference Problem}",
	 year = "2006",
     eprint = "arXiv:cond-mat/0604429v1"
}

@Article{New06a,
     author = "M. E. J. Newman",
     title = "{Finding community structure in networks using the eigenvectors of matrices}",
	 year = "2006",
     eprint = "arXiv:physics/0605087v3"
}

@Article{New06b,
     author = "M. E. J. Newman",
     title = "{Modularity and community structure in networks}",
	 year = "2006",
     eprint = "arXiv:physics/0602124v1"
}

@Article{Lux06,
     author = "Ulrike von Luxburg",
     title = "{A tutorial on spectral clustering}",
	 year = "2006",
     eprint = "\url{http://www.stanford.edu/class/ee378b/papers/luxburg.pdf}"
}

@INPROCEEDINGS{Spi07,
author={Spielman, D.A.},
booktitle={48th Annual IEEE Symposium on Foundations of Computer Science (FOCS 2007)},
title={Spectral Graph Theory and its Applications},
year={2007},
pages={29-38},}

@INPROCEEDINGS{CLS07,
     author = "Louis K.C. Chan and Josef Lakonishok and Bhaskaran Swaminathan",
	 booktitle={Financial Analysts Journal, Vol. 63, No. 6},
     title = "{Industry Classifications and Return Comovement}",
	 year = "2007",
}

@Article{BGL+08,
     author = "Vincent D. Blondel and Jean-Loup Guillaume and Renaud Lambiotte and Etienne Lefebvre",
     title = "{Fast unfolding of communities in large networks}",
	 year = "2008",
     eprint = "arXiv:0803.0476v2"
}

@Article{LDB08,
     author = "R. Lambiotte and J.-C. Delvenne and M. Barahona",
     title = "{Laplacian Dynamics and Multiscale Modular Structure in Networks}",
	 year = "2008",
     eprint = "arXiv:0812.1770v3"
}

@Article{DYB08,
     author = "J.-C. Delvenne and S.N. Yaliraki and M. Barahona",
     title = "{Stability of graph communities across time scales}",
	 year = "2008",
     eprint = "arXiv:0812.1811v4"
}

@Article{DMM09,
     author = "David L. Donoho and Arian Maleki and Andrea Montanari",
     title = "{Message-passing algorithms for compressed sensing}",
	 year = "2009",
     eprint = "\url{http://www.stanford.edu/~montanar/RESEARCH/FILEPAP/mpacs.pdf}"
}

@Article{BD10,
     author = "Michael James Bommarito and Ahmet Duran",
     title = "{Spectral Analysis of Time-Dependent Market-Adjusted Return Correlation Matrix}",
	 year = "2010",
     eprint = "\url{http://ssrn.com/abstract=1672897}"
}

@Article{MDM10,
     author = "Arian Maleki and David L. Donoho and Andrea Montanari",
     title = "{Analysis of Approximate Message Passing Algorithm}",
	 year = "2010",
     eprint = "\url{http://www.ece.rice.edu/~mam15/CISS2010.pdf}"
}

@Article{For10,
     author = "Santo Fortunato",
     title = "{Community detection in graphs}",
	 year = "2010",
     eprint = "arXiv:0906.0612v2"
}

@Article{LLM10,
     author = "Jure Leskovec and Kevin J. Lang and Michael W. Mahoney",
     title = "{Empirical Comparison of Algorithms for Network Community Detection}",
	 year = "2010",
     eprint = "arXiv:1004.3539v1"
}

@Article{KN10,
     author = "Brian Karrer and M. E. J. Newman",
     title = "{Stochastic blockmodels and community structure in networks}",
	 year = "2010",
     eprint = "arXiv:1008.3926v1"
}

@Article{Lam10,
     author = "Renaud Lambiotte",
     title = "{ Multi-scale Modularity in Complex Networks}",
	 year = "2010",
     eprint = "arXiv:1004.4268v1"
}

@Article{FPM+10,
     author = "Daniel J. Fenn and Mason A. Porter and Peter J. Mucha and Mark McDonald and Stacy Williams and Neil F. Johnson and Nick S. Jones",
     title = "{Dynamical Clustering of Exchange Rates}",
	 year = "2010",
     eprint = "arXiv:0905.4912v2"
}

@Article{GMC10,
     author = "Benjamin H. Good and Yves-Alexandre de Montjoye and Aaron Clauset",
     title = "{The performance of modularity maximization in practical contexts}",
	 year = "2010",
     eprint = "arXiv:0910.0165v2"
}

@Article{MRM+10,
     author = "Peter J. Mucha and Thomas Richardson and Kevin Macon and Mason A. Porter and Jukka-Pekka Onnela",
     title = "{Community Structure in Time-Dependent, Multiscale, and Multiplex Networks}",
	 year = "2010",
     eprint = "arXiv:0911.1824v3"
}

@Article{Mon11,
     author = "Andrea Montanari",
     title = "{Graphical Models Concepts in Compressed Sensing}",
	 year = "2011",
     eprint = "arXiv:1011.4328"
}

@Article{BM11,
     author = "Mohsen Bayati and Andrea Montanari",
     title = "{The dynamics of message passing on dense graphs, with applications to compressed sensing}",
	 year = "2011",
     eprint = "arXiv:1001.3448v4"
}

@Article{DKM+11,
     author = "Aurelien Decelle and Florent Krzakala and Cristopher Moore and Lenka Zdeborova",
     title = "{Phase transition in the detection of modules in sparse networks}",
	 year = "2011",
     eprint = "arXiv:1102.1182v1"
}

@Article{FPW+11,
     author = "Daniel J. Fenn and Mason A. Porter and Stacy Williams and Mark McDonald and Neil F. Johnson and Nick S. Jones",
     title = "{Temporal Evolution of Financial Market Correlations}",
	 year = "2011",
     eprint = "arXiv:1011.3225v2"
}

@Article{MFF+11,
     author = "Pasquale De Meo and Emilio Ferrara and Giacomo Fiumara and Alessandro Provetti",
     title = "{Generalized Louvain Method for Community Detection in Large Networks}",
	 year = "2011",
     eprint = "arXiv:1108.1502v2"
}

@article{Kuh12c,
    author    = "Daniel Kuhn",
    title     = "The Basic Theory Of Interest",
    journal   = "Computational Finance: 422 Lecture Notes",
    year      = "2012",
}

@article{Kuh12d,
    author    = "Daniel Kuhn",
    title     = "Fixed-Income Securities",
    journal   = "Computational Finance: 422 Lecture Notes",
    year      = "2012",
}

@article{Kuh12e,
    author    = "Daniel Kuhn",
    title     = "Mean Variance Portfolio Theory",
    journal   = "Computational Finance: 422 Lecture Notes",
    year      = "2012",
}

@INPROCEEDINGS{Spi12,
author={D. Spielman},
booktitle={Combinatorial Scientific Computing. Chapman and Hall / CRC Press},
title={Spectral Graph Theory and its Applications},
year={2012},
}

@Article{NN12,
     author = "Raj Rao Nadakuditi and M. E. J. Newman",
     title = "{Graph spectra and the detectability of community structure in networks}",
	 year = "2012",
     eprint = "arXiv:1205.1813v1"
}

@Article{EHR12,
     author = "Seyda Ertekin and Haym Hirsh and Cynthia Rudin",
     title = "{Learning to Predict the Wisdom of Crowds}",
	 year = "2012",
     eprint = "arXiv:1204.3611v1"
}

@Article{MNS12,
     author = "Elchanan Mossel and Joe Neeman and Allan Sly",
     title = "{Stochastic Block Models and Reconstruction}",
	 year = "2012",
     eprint = "arXiv:1202.1499v4"
}

@Article{YL12,
     author = "Jaewon Yang and Jure Leskovec",
     title = "{Defining and Evaluating Network Communities based on Ground-truth}",
	 year = "2012",
     eprint = "arXiv:1205.6233v3"
}

@Article{RLK12,
     author = "Manuel Gomez-Rodriguez and Jure Leskovec and Andreas Krause",
     title = "{Inferring Networks of Diffusion and Influence}",
	 year = "2012",
     eprint = "arXiv:1006.0234v3"
}

@Article{HGH+12,
     author = "Huiyi Hu and Yves van Gennip and Blake Hunter and Mason A. Porter and Andrea L. Bertozzi",
     title = "{Multislice Modularity Optimization in Community Detection and Image Segmentation}",
	 year = "2012",
     eprint = "arXiv:1211.7180v1"
}

@Article{BPW+13,
     author = "Danielle S. Bassett and Mason A. Porter and Nicholas F. Wymbs and Scott T. Grafton and Jean M. Carlson and Peter J. Mucha",
     title = "{Robust Detection of Dynamic Community Structure in Networks}",
	 year = "2013",
     eprint = "arXiv:1206.4358v2"
}

@Article{MNS13a,
     author = "Elchanan Mossel and Joe Neeman and Allan Sly",
     title = "{Belief Propagation, Robust Reconstruction, and Optimal Recovery of Block Models}",
	 year = "2013",
     eprint = "arXiv:1309.1380v1"
}

@Article{KMM+13,
     author = "Florent Krzakala and Cristopher Moore and Elchanan Mossel and Joe Neeman and Allan Sly and Lenka Zdeborova and Pan Zhang",
     title = "{Spectral redemption: clustering sparse networks}",
	 year = "2013",
     eprint = "arXiv:1306.5550v2"
}

@Article{DKM+13,
     author = "Aurelien Decelle and Florent Krzakala and Cristopher Moore and Lenka Zdeborova",
     title = "{Asymptotic analysis of the stochastic block model for modular networks and its algorithmic applications}",
	 year = "2013",
     eprint = "arXiv:1109.3041v2"
}

@Article{Mas13,
     author = "Laurent Massoulie",
     title = "{Community detection thresholds and the weak Ramanujan property}",
	 year = "2013",
     eprint = "arXiv:1311.3085v1"
}

@Article{MNS13b,
     author = "Elchanan Mossel and Joe Neeman and Allan Sly",
     title = "{A Proof Of The Block Model Threshold Conjecture}",
	 year = "2013",
     eprint = "arXiv:1311.4115v1"
}

@Article{MG13,
     author = "Mel MacMahon and Diego Garlaschelli",
     title = "{Unbiased community detection for correlation matrices}",
	 year = "2013",
     eprint = "arXiv:1311.1924v1"
}

@Article{DM13,
     author = "Yash Deshpande and Andrea Montanari",
     title = "{Finding Hidden Cliques of Size sqrt(N/e) in Nearly Linear Time}",
	 year = "2013",
     eprint = "arXiv:1304.7047v1"
}

@Article{BKS13,
     author = "Jean Barbier and Florent Krzakala and Christophe Schulke",
     title = "{Compressed sensing and Approximate Message Passing with spatially-coupled Fourier and Hadamard operators}",
	 year = "2013",
     eprint = "arXiv:1312.1740v2"
}

@INPROCEEDINGS{BKM13,
  author      = "Zvi Bodie and Alex Kane and Alan J. Marcus",
  title       = "Essentials of Investments Ninth Edition",
  year        = 2013,
}

@misc{Mon13,
howpublished = "\url{http://simons.berkeley.edu/talks/andrea-montanari-2013-11-18}",
title = {Talk at Simons Institute for the Theory of Computing: Finding Small Structures in Large Datasets},
year = {cited in March 2014}
}

@misc{IcWik,
howpublished = "\url{http://en.wikipedia.org/wiki/Industry_Classification_Benchmark}",
title = {Wikipedia: Industry Classifications Benchmark},
year = {cited in March 2014}
}

@misc{GrWik,
howpublished = "\url{http://en.wikipedia.org/wiki/Great_Recession}",
title = {Wikipedia: Great Recession},
year = {cited in March 2014}
}

@misc{LSE,
howpublished = "\url{http://www.londonstockexchange.com/home/homepage.htm/}",
title = {London Stock Exchange Website},
year = {cited in March 2014}
}

@misc{YahFi,
howpublished = "\url{http://uk.finance.yahoo.com/}",
title = {Yahoo Finance Website},
year = {cited in March 2014}
}

@misc{QuaWp,
howpublished = "\url{http://quantivity.wordpress.com/2011/02/21/why-log-returns/}",
title = {Quantivity Wordpress Blog},
year = {cited in March 2014}
}

@misc{ELM,
howpublished = "\url{http://www.elemartelot.org/index.php/programming/cd-code}",
title = {Community Detection Greedy Algorithm Code},
year = {cited in April 2014}
}

@misc{DM,
howpublished = "\url{http://www.stanford.edu/class/ee378b/hw4sol.pdf}",
title = {Andrea Montanari Webpage Article},
year = {cited in April 2014}
}

@misc{ModeNet,
howpublished = "\url{http://mode_net.krzakala.org/}",
title = {C++ implementation of Belief Propagation algorithm for module detection in networks},
year = {cited in May 2014}
}

@misc{GenLou,
howpublished = "\url{http://netwiki.amath.unc.edu/GenLouvain/GenLouvain}",
title = {Generalised Louvain Method for community Detection in MATLAB},
year = {cited in May 2014}
}

@misc{JPO,
howpublished = "\url{http://www.jponnela.com/web_documents/netsci2010_multislice.pdf}",
title = {Talk at NetSci2010: Multislice community detection},
year = {cited in May 2014}
}

@misc{Sus,
howpublished = "\url{http://www.youtube.com/watch?v=AT4_S9vQJgc}",
title = {Youtube: Statistical Mechanics Lecture 9},
year = {cited in May 2014}
}

@misc{OxNet,
howpublished = "\url{http://www.maths.ox.ac.uk/groups/ociam/research/networks}",
title = {Oxford Centre for Industrial and Applied Mathematics: Networks Webpage},
year = {cited in June 2014}
}

@Article{DM14,
     author = "Yash Deshpande and Andrea Montanari",
     title = "{Information-theoretically Optimal Sparse PCA}",
	 year = "2014",
     eprint = "arXiv:1402.2238v1"
}

@article{Pru14a,
    author    = "Gunnar Pruessner",
    title     = "The Canonical Ensemble",
    journal   = "Mathematical Physics II Statistical Mechanics (M4A41): Lecture Notes",
    year      = "2014",
}

@article{Pru14b,
    author    = "Gunnar Pruessner",
    title     = "The Ising Chain",
    journal   = "Mathematical Physics II Statistical Mechanics (M4A41): Lecture Notes",
    year      = "2014",
}

@article{Pru14c,
    author    = "Gunnar Pruessner",
    title     = "Mean Field Theory",
    journal   = "Mathematical Physics II Statistical Mechanics (M4A41): Lecture Notes",
    year      = "2014",
}

@article{Gil14a,
    author    = "Duncan Gillies",
    title     = "Introduction to Probabilistic Graphical Models",
    journal   = "Intelligent Data Analysis and Probabilistic Inference: Lecture 12 Notes",
    year      = "2014",
}

@article{Gil14b,
    author    = "Duncan Gillies",
    title     = "Principal Component Analysis",
    journal   = "Intelligent Data Analysis and Probabilistic Inference: Lecture 15 Notes",
    year      = "2014",
}

